@article{Hawkess,
	title={Hawkes Processes},
	author={Patrick J. Laub and Thomas Taimre and Philip K. Pollett},
	year={2015},
	publisher={The University Of Queensland},
}
@article{SurplusProcess,
	title={A Lundberg-type inequality for an inhomogeneousrenewal risk model},
	author={I. M. Andrulyte and E. Bernackaite and D. Kievinaite  and J. Siaulys},
	year={2015},
	publisher={Vilnius University},
}
@article{HawkesProcesses_KatarzynaObral,
	title={Simulation, Estimation and Applications of Hawkes Processes},
	author={Katarzyna Obral},
	year={2016},
	publisher={ University Minnesota},
}
